@article{su2012robust,
  title     = {Robust document image binarization technique for degraded document images},
  author    = {Su, Bolan and Lu, Shijian and Tan, Chew Lim},
  journal   = {IEEE transactions on image processing},
  volume    = {22},
  number    = {4},
  pages     = {1408--1417},
  year      = {2012},
  publisher = {IEEE}
}
@article{scikit-image,
  title    = {scikit-image: image processing in {P}ython},
  author   = {van der Walt, {S}t\'efan and {S}ch\"onberger, {J}ohannes {L}. and
              {Nunez-Iglesias}, {J}uan and {B}oulogne, {F}ran\c{c}ois and {W}arner,
              {J}oshua {D}. and {Y}ager, {N}eil and {G}ouillart, {E}mmanuelle and
              {Y}u, {T}ony and the scikit-image contributors},
  year     = {2014},
  month    = {6},
  keywords = {Image processing, Reproducible research, Education,
              Visualization, Open source, Python, Scientific programming},
  volume   = {2},
  pages    = {e453},
  journal  = {PeerJ},
  issn     = {2167-8359},
  url      = {https://doi.org/10.7717/peerj.453},
  doi      = {10.7717/peerj.453}
}

@article{numpy,
  title     = {Array programming with {NumPy}},
  author    = {Charles R. Harris and K. Jarrod Millman and St{\'{e}}fan J.
               van der Walt and Ralf Gommers and Pauli Virtanen and David
               Cournapeau and Eric Wieser and Julian Taylor and Sebastian
               Berg and Nathaniel J. Smith and Robert Kern and Matti Picus
               and Stephan Hoyer and Marten H. van Kerkwijk and Matthew
               Brett and Allan Haldane and Jaime Fern{\'{a}}ndez del
               R{\'{i}}o and Mark Wiebe and Pearu Peterson and Pierre
               G{\'{e}}rard-Marchant and Kevin Sheppard and Tyler Reddy and
               Warren Weckesser and Hameer Abbasi and Christoph Gohlke and
               Travis E. Oliphant},
  year      = {2020},
  month     = sep,
  journal   = {Nature},
  volume    = {585},
  number    = {7825},
  pages     = {357--362},
  doi       = {10.1038/s41586-020-2649-2},
  publisher = {Springer Science and Business Media {LLC}},
  url       = {https://doi.org/10.1038/s41586-020-2649-2}
}

@article{2020SciPy-NMeth,
  author  = {Virtanen, Pauli and Gommers, Ralf and Oliphant, Travis E. and
             Haberland, Matt and Reddy, Tyler and Cournapeau, David and
             Burovski, Evgeni and Peterson, Pearu and Weckesser, Warren and
             Bright, Jonathan and {van der Walt}, St{\'e}fan J. and
             Brett, Matthew and Wilson, Joshua and Millman, K. Jarrod and
             Mayorov, Nikolay and Nelson, Andrew R. J. and Jones, Eric and
             Kern, Robert and Larson, Eric and Carey, C J and
             Polat, {\.I}lhan and Feng, Yu and Moore, Eric W. and
             {VanderPlas}, Jake and Laxalde, Denis and Perktold, Josef and
             Cimrman, Robert and Henriksen, Ian and Quintero, E. A. and
             Harris, Charles R. and Archibald, Anne M. and
             Ribeiro, Ant{\^o}nio H. and Pedregosa, Fabian and
             {van Mulbregt}, Paul and {SciPy 1.0 Contributors}},
  title   = {{{SciPy} 1.0: Fundamental Algorithms for Scientific
             Computing in Python}},
  journal = {Nature Methods},
  year    = {2020},
  volume  = {17},
  pages   = {261--272},
  adsurl  = {https://rdcu.be/b08Wh},
  doi     = {10.1038/s41592-019-0686-2}
}

@misc{strokewidth,
  title   = {stroke width identification algorithm for text like regions},
  author  = {muthukrishnan},
  url     = {https://muthu.co/stroke-width-identification-algorithm-for-text-like-regions/},
  journal = {Muthu.co},
  year    = {2020},
  month   = {Sep}
}

@article{gatos2006adaptive,
  title     = {Adaptive degraded document image binarization},
  author    = {Gatos, Basilios and Pratikakis, Ioannis and Perantonis, Stavros J},
  journal   = {Pattern recognition},
  volume    = {39},
  number    = {3},
  pages     = {317--327},
  year      = {2006},
  publisher = {Elsevier}
}

@inproceedings{6524379,
  author    = {Nath, Asoke},
  booktitle = {2013 International Conference on Communication Systems and Network Technologies},
  title     = {Image Denoising Algorithms: A Comparative Study of Different Filtration Approaches Used in Image Restoration},
  year      = {2013},
  volume    = {},
  number    = {},
  pages     = {157-163},
  doi       = {10.1109/CSNT.2013.43}
}